% possible types:
%article
%    An article from a journal or magazine.
%    Required fields: author, title, journal, year
%    Optional fields: volume, number, pages, month, note, key
%book
%    A book with an explicit publisher.
%    Required fields: author/editor, title, publisher, year
%    Optional fields: volume, series, address, edition, month, note, key
%booklet
%    A work that is printed and bound, but without a named publisher or sponsoring institution.
%    Required fields: title
%    Optional fields: author, howpublished, address, month, year, note, key
%conference
%    The same as inproceedings, included for Scribe (markup language) compatibility.
%    Required fields: author, title, booktitle, year
%    Optional fields: editor, pages, organization, publisher, address, month, note, key
%inbook
%    A part of a book, which may be a chapter (or section or whatever) and/or a range of pages.
%    Required fields: author/editor, title, chapter/pages, publisher, year
%    Optional fields: volume, series, address, edition, month, note, key
%incollection
%    A part of a book having its own title.
%   Required fields: author, title, booktitle, year
%    Optional fields: editor, pages, organization, publisher, address, month, note, key
%inproceedings
%    An article in a conference proceedings.
%    Required fields: author, title, booktitle, year
%    Optional fields: editor, pages, organization, publisher, address, month, note, key
%manual
%    Technical documentation.
%    Required fields: title
%    Optional fields: author, organization, address, edition, month, year, note, key
%mastersthesis
%    A Master's thesis.
%    Required fields: author, title, school, year
%    Optional fields: address, month, note, key
%misc
%    For use when nothing else fits.
%    Required fields: none
%    Optional fields: author, title, howpublished, month, year, note, key
%phdthesis
%    A Ph.D. thesis.
%    Required fields: author, title, school, year
%    Optional fields: address, month, note, key
%proceedings
%    The proceedings of a conference.
%    Required fields: title, year
%    Optional fields: editor, publisher, organization, address, month, note, key
%techreport
%    A report published by a school or other institution, usually numbered within a series.
%    Required fields: author, title, institution, year
%    Optional fields: type, number, address, month, note, key
%unpublished
%   A document having an author and title, but not formally published.
%    Required fields: author, title, note
%    Optional fields: month, year, key

@MANUAL{manual2021,
    title = {Lifetime of the Muon},
    author = {M. Chantell and D. McCowan and K. Van De Bogart},
    organization = {Department of Physics, The University of Chicago},
    year = {2021}
}

@MANUAL{manual2021_uncert,
    title = {Uncertainty Analysis and Significant Digits},
    author = {M. Chantell and D. McCowan and K. Van De Bogart},
    organization = {Department of Physics, The University of Chicago},
    year = {2021}
}

@MANUAL{manual2021_lsm,
    title = {Linear Least-Squares Fitting},
    author = {M. Chantell and D. McCowan and K. Van De Bogart},
    organization = {Department of Physics, The University of Chicago},
    year = {2021}
}

@ARTICLE{galbiati2005,
	author = {Galbiati and Beacom},
	title = {Cosmic Ray Induced Fast Neutron Spectrum},  
	journal = {Physical Review},
	number = {C72},
	year = {2005}
}


@ARTICLE{olive2014,
	author = {K. A. Olive et al.},
	title = {$\mu$ MASS (atomic mass units u)},  
	journal = {Chin. Phys.},
	number = {C38},
	year = {2014}
}

@MANUAL{nistFermi,
	title = {Fermi coupling constant},
	organization = {National Institute of Standards and Technology}, 
	year = {2021}
}

@article{reiter1960, title={Precise Measurements of the Mean Lives of $\mu^+$ and $\mu^-$ Mesons in Carbon}, volume={5}, ISSN={0031-9007}, DOI={10.1103/physrevlett.5.22}, number={1}, journal={Physical Review Letters}, publisher={Physical Review Letters}, author={Reiter, R. A. and Romanowski, T. A. and Sutton, R. B. and Chidley, B. G.}, year={1960}, pages={22â€“23}}
